%YAML 1.1
%TAG !u! tag:unity3d.com,2011:
--- !u!1001 &100100000
Prefab:
  m_ObjectHideFlags: 1
  serializedVersion: 2
  m_Modification:
    m_TransformParent: {fileID: 0}
    m_Modifications: []
    m_RemovedComponents: []
  m_ParentPrefab: {fileID: 0}
  m_RootGameObject: {fileID: 1738492635277972}
  m_IsPrefabParent: 1
--- !u!1 &1087216291391356
GameObject:
  m_ObjectHideFlags: 0
  m_PrefabParentObject: {fileID: 0}
  m_PrefabInternal: {fileID: 100100000}
  serializedVersion: 5
  m_Component:
  - component: {fileID: 4099229622088600}
  - component: {fileID: 82565622195602618}
  - component: {fileID: 82459737650724408}
  m_Layer: 0
  m_Name: Ambient sounds
  m_TagString: Untagged
  m_Icon: {fileID: 0}
  m_NavMeshLayer: 0
  m_StaticEditorFlags: 0
  m_IsActive: 1
--- !u!1 &1738492635277972
GameObject:
  m_ObjectHideFlags: 0
  m_PrefabParentObject: {fileID: 0}
  m_PrefabInternal: {fileID: 100100000}
  serializedVersion: 5
  m_Component:
  - component: {fileID: 4943431191682778}
  - component: {fileID: 114442569583789956}
  - component: {fileID: 114032993879774488}
  - component: {fileID: 82861649569230140}
  m_Layer: 0
  m_Name: GameController
  m_TagString: GameController
  m_Icon: {fileID: 0}
  m_NavMeshLayer: 0
  m_StaticEditorFlags: 0
  m_IsActive: 1
--- !u!4 &4099229622088600
Transform:
  m_ObjectHideFlags: 1
  m_PrefabParentObject: {fileID: 0}
  m_PrefabInternal: {fileID: 100100000}
  m_GameObject: {fileID: 1087216291391356}
  m_LocalRotation: {x: 0, y: 0, z: 0, w: 1}
  m_LocalPosition: {x: 0, y: 0, z: 0}
  m_LocalScale: {x: 1, y: 1, z: 1}
  m_Children: []
  m_Father: {fileID: 4943431191682778}
  m_RootOrder: 0
  m_LocalEulerAnglesHint: {x: 0, y: 0, z: 0}
--- !u!4 &4943431191682778
Transform:
  m_ObjectHideFlags: 1
  m_PrefabParentObject: {fileID: 0}
  m_PrefabInternal: {fileID: 100100000}
  m_GameObject: {fileID: 1738492635277972}
  m_LocalRotation: {x: 0, y: 0, z: 0, w: 1}
  m_LocalPosition: {x: -0.378, y: 0.3498565, z: 1.454}
  m_LocalScale: {x: 1, y: 1, z: 1}
  m_Children:
  - {fileID: 4099229622088600}
  m_Father: {fileID: 0}
  m_RootOrder: 0
  m_LocalEulerAnglesHint: {x: 0, y: 0, z: 0}
--- !u!82 &82459737650724408
AudioSource:
  m_ObjectHideFlags: 1
  m_PrefabParentObject: {fileID: 0}
  m_PrefabInternal: {fileID: 100100000}
  m_GameObject: {fileID: 1087216291391356}
  m_Enabled: 1
  serializedVersion: 4
  OutputAudioMixerGroup: {fileID: 0}
  m_audioClip: {fileID: 8300000, guid: dc0be3002c195554fbdaede30434f523, type: 3}
  m_PlayOnAwake: 1
  m_Volume: 0.624
  m_Pitch: 1
  Loop: 0
  Mute: 0
  Spatialize: 0
  SpatializePostEffects: 0
  Priority: 128
  DopplerLevel: 1
  MinDistance: 1
  MaxDistance: 500
  Pan2D: 0
  rolloffMode: 0
  BypassEffects: 0
  BypassListenerEffects: 0
  BypassReverbZones: 0
  rolloffCustomCurve:
    serializedVersion: 2
    m_Curve:
    - serializedVersion: 2
      time: 0
      value: 1
      inSlope: 0
      outSlope: 0
      tangentMode: 0
    - serializedVersion: 2
      time: 1
      value: 0
      inSlope: 0
      outSlope: 0
      tangentMode: 0
    m_PreInfinity: 2
    m_PostInfinity: 2
    m_RotationOrder: 4
  panLevelCustomCurve:
    serializedVersion: 2
    m_Curve:
    - serializedVersion: 2
      time: 0
      value: 0
      inSlope: 0
      outSlope: 0
      tangentMode: 0
    m_PreInfinity: 2
    m_PostInfinity: 2
    m_RotationOrder: 0
  spreadCustomCurve:
    serializedVersion: 2
    m_Curve:
    - serializedVersion: 2
      time: 0
      value: 0
      inSlope: 0
      outSlope: 0
      tangentMode: 0
    m_PreInfinity: 2
    m_PostInfinity: 2
    m_RotationOrder: 4
  reverbZoneMixCustomCurve:
    serializedVersion: 2
    m_Curve:
    - serializedVersion: 2
      time: 0
      value: 1
      inSlope: 0
      outSlope: 0
      tangentMode: 0
    m_PreInfinity: 2
    m_PostInfinity: 2
    m_RotationOrder: 0
--- !u!82 &82565622195602618
AudioSource:
  m_ObjectHideFlags: 1
  m_PrefabParentObject: {fileID: 0}
  m_PrefabInternal: {fileID: 100100000}
  m_GameObject: {fileID: 1087216291391356}
  m_Enabled: 1
  serializedVersion: 4
  OutputAudioMixerGroup: {fileID: 0}
  m_audioClip: {fileID: 8300000, guid: be16551e1390de04cb8406565482abf9, type: 3}
  m_PlayOnAwake: 1
  m_Volume: 0.624
  m_Pitch: 1
  Loop: 0
  Mute: 0
  Spatialize: 0
  SpatializePostEffects: 0
  Priority: 128
  DopplerLevel: 1
  MinDistance: 1
  MaxDistance: 500
  Pan2D: 0
  rolloffMode: 0
  BypassEffects: 0
  BypassListenerEffects: 0
  BypassReverbZones: 0
  rolloffCustomCurve:
    serializedVersion: 2
    m_Curve:
    - serializedVersion: 2
      time: 0
      value: 1
      inSlope: 0
      outSlope: 0
      tangentMode: 0
    - serializedVersion: 2
      time: 1
      value: 0
      inSlope: 0
      outSlope: 0
      tangentMode: 0
    m_PreInfinity: 2
    m_PostInfinity: 2
    m_RotationOrder: 4
  panLevelCustomCurve:
    serializedVersion: 2
    m_Curve:
    - serializedVersion: 2
      time: 0
      value: 0
      inSlope: 0
      outSlope: 0
      tangentMode: 0
    m_PreInfinity: 2
    m_PostInfinity: 2
    m_RotationOrder: 0
  spreadCustomCurve:
    serializedVersion: 2
    m_Curve:
    - serializedVersion: 2
      time: 0
      value: 0
      inSlope: 0
      outSlope: 0
      tangentMode: 0
    m_PreInfinity: 2
    m_PostInfinity: 2
    m_RotationOrder: 4
  reverbZoneMixCustomCurve:
    serializedVersion: 2
    m_Curve:
    - serializedVersion: 2
      time: 0
      value: 1
      inSlope: 0
      outSlope: 0
      tangentMode: 0
    m_PreInfinity: 2
    m_PostInfinity: 2
    m_RotationOrder: 0
--- !u!82 &82861649569230140
AudioSource:
  m_ObjectHideFlags: 1
  m_PrefabParentObject: {fileID: 0}
  m_PrefabInternal: {fileID: 100100000}
  m_GameObject: {fileID: 1738492635277972}
  m_Enabled: 1
  serializedVersion: 4
  OutputAudioMixerGroup: {fileID: 0}
  m_audioClip: {fileID: 0}
  m_PlayOnAwake: 1
  m_Volume: 1
  m_Pitch: 1
  Loop: 0
  Mute: 0
  Spatialize: 0
  SpatializePostEffects: 0
  Priority: 128
  DopplerLevel: 1
  MinDistance: 1
  MaxDistance: 500
  Pan2D: 0
  rolloffMode: 0
  BypassEffects: 0
  BypassListenerEffects: 0
  BypassReverbZones: 0
  rolloffCustomCurve:
    serializedVersion: 2
    m_Curve:
    - serializedVersion: 2
      time: 0
      value: 1
      inSlope: 0
      outSlope: 0
      tangentMode: 0
    - serializedVersion: 2
      time: 1
      value: 0
      inSlope: 0
      outSlope: 0
      tangentMode: 0
    m_PreInfinity: 2
    m_PostInfinity: 2
    m_RotationOrder: 4
  panLevelCustomCurve:
    serializedVersion: 2
    m_Curve:
    - serializedVersion: 2
      time: 0
      value: 0
      inSlope: 0
      outSlope: 0
      tangentMode: 0
    m_PreInfinity: 2
    m_PostInfinity: 2
    m_RotationOrder: 0
  spreadCustomCurve:
    serializedVersion: 2
    m_Curve:
    - serializedVersion: 2
      time: 0
      value: 0
      inSlope: 0
      outSlope: 0
      tangentMode: 0
    m_PreInfinity: 2
    m_PostInfinity: 2
    m_RotationOrder: 0
  reverbZoneMixCustomCurve:
    serializedVersion: 2
    m_Curve:
    - serializedVersion: 2
      time: 0
      value: 1
      inSlope: 0
      outSlope: 0
      tangentMode: 0
    m_PreInfinity: 2
    m_PostInfinity: 2
    m_RotationOrder: 0
--- !u!114 &114032993879774488
MonoBehaviour:
  m_ObjectHideFlags: 1
  m_PrefabParentObject: {fileID: 0}
  m_PrefabInternal: {fileID: 100100000}
  m_GameObject: {fileID: 1738492635277972}
  m_Enabled: 1
  m_EditorHideFlags: 0
  m_Script: {fileID: 11500000, guid: 5ab7d184bb510df4188582e649ca2ca3, type: 3}
  m_Name: 
  m_EditorClassIdentifier: 
  m_Asterisk:
  - {fileID: 8300000, guid: 6c796d3b440ec6240bd69a695afe5797, type: 3}
  - {fileID: 8300000, guid: a2176521e4deab14697b01a88b1157ca, type: 3}
  - {fileID: 8300000, guid: cf18f128f7f6c8b44bec686c7621c196, type: 3}
  m_Hashtag:
  - {fileID: 8300000, guid: 0ae17ee4b9cf25c44b9810da24bd4a99, type: 3}
  - {fileID: 8300000, guid: 59d507096ed05e34c969ffc238da95fc, type: 3}
  - {fileID: 8300000, guid: 81e1f78a89077be44862ecc9cbd13bb3, type: 3}
  m_Zero:
  - {fileID: 8300000, guid: 4d6c74a4095e90746a986e3aacfa117a, type: 3}
  - {fileID: 8300000, guid: beed037fa30be634fa514ab9a635b019, type: 3}
  - {fileID: 8300000, guid: 510c2c5eac7117146b698f13b3d94741, type: 3}
  m_One:
  - {fileID: 8300000, guid: e4ef1b64879b7f844a92a156c601b8d5, type: 3}
  - {fileID: 8300000, guid: b73dadadec54db640badde2f086b9b37, type: 3}
  - {fileID: 8300000, guid: fea1d46093090b44da2b6aade739a000, type: 3}
  m_Two:
  - {fileID: 8300000, guid: 9a172b445a2df1c4da83dfd08fad146c, type: 3}
  - {fileID: 8300000, guid: 6620dd91d8f210b4783776b6800038dd, type: 3}
  - {fileID: 8300000, guid: beb748c8cfbb74247b74da1d406d2889, type: 3}
  m_Three:
  - {fileID: 8300000, guid: 566ce425eb68e2c4eae1d018d6f9c304, type: 3}
  - {fileID: 8300000, guid: d002e03093ba98b4f97796339111e253, type: 3}
  - {fileID: 8300000, guid: 6e612808f6b13fc46b2e28d876383e88, type: 3}
  m_Four:
  - {fileID: 8300000, guid: 35e47ea152ca22a49a85623478481276, type: 3}
  - {fileID: 8300000, guid: cc9d44e8ffba8c042a4896ca054f5e17, type: 3}
  - {fileID: 8300000, guid: 928f4dcadf66bb04795e9fae709d7703, type: 3}
  m_Five:
  - {fileID: 8300000, guid: fedc04cd3ea7f3c4c9b14176a6927346, type: 3}
  - {fileID: 8300000, guid: 0f0a28e72375c7546829e1c18a682cfb, type: 3}
  - {fileID: 8300000, guid: 228906ec9b1c74743b94d62bb6682632, type: 3}
  m_Six:
  - {fileID: 8300000, guid: 9fdad5cd76ca36d48acabae9b00a27ea, type: 3}
  - {fileID: 8300000, guid: 235a766898dc31042b1b766df5f6062d, type: 3}
  m_Seven:
  - {fileID: 8300000, guid: 26640f0a290b88840909ce5123898862, type: 3}
  - {fileID: 8300000, guid: 8b8b0e5575f21cb4cb384797a5e5dc73, type: 3}
  - {fileID: 8300000, guid: 62f6ec13629057d4c97b255d6c832cae, type: 3}
  m_Eight:
  - {fileID: 8300000, guid: 9c834c4ec3a67414e877eecb2002618f, type: 3}
  - {fileID: 8300000, guid: 9af67cb6b12b4964fbcbfeba0db22434, type: 3}
  - {fileID: 8300000, guid: c4daa47810444cd4d9a6b019dac301ad, type: 3}
  m_Nine:
  - {fileID: 8300000, guid: 4c33a56720993ce4f83cfd48eae7a6c9, type: 3}
  - {fileID: 8300000, guid: d39ad36f0fe9b834fa84dc275249c970, type: 3}
  - {fileID: 8300000, guid: 9f59f1e9eeb2ab2408f1daa6c2842f2f, type: 3}
  m_Start: {fileID: 8300000, guid: 57bcf4313d43b4d4eb6a8a4bd59462c3, type: 3}
  m_End: {fileID: 8300000, guid: a69a8f80280e56b4d971804f477707d6, type: 3}
  m_Begin: {fileID: 8300000, guid: adb370f071fe3c1488ae1edea6c01290, type: 3}
--- !u!114 &114442569583789956
MonoBehaviour:
  m_ObjectHideFlags: 1
  m_PrefabParentObject: {fileID: 0}
  m_PrefabInternal: {fileID: 100100000}
  m_GameObject: {fileID: 1738492635277972}
  m_Enabled: 1
  m_EditorHideFlags: 0
  m_Script: {fileID: 11500000, guid: 1515c6b39f78ba94689cdf6e0cb3ccff, type: 3}
  m_Name: 
  m_EditorClassIdentifier: 
